@article{bantikyan2014big,
  title={Big integer multiplication with CUDA FFT (cuFFT) library},
  author={Bantikyan, Hovhannes},
  journal={world},
  volume={2},
  number={11},
  year={2014}
}

@article{young1995bnmul,
  title={bn\_mul.c},
  author={Eric Young},
  url = "https://opensource.apple.com/source/OpenSSL/OpenSSL-22/openssl/crypto/bn/bn_mul.c.auto.html",
  year={1995-1998}
}

@article{dietzfelbinger2012eff,
  title={Effiziente Algorithmen},
  author={Martin Dietzfelbinger},
  url = "https://www.tu-ilmenau.de/fileadmin/public/iti/Lehre/Eff.Alg/SS12/EA-SS12-Kapitel1.pdf",
  year={2012}
}

@article{albers2009grafik,
  title={Grafikkarten-Architektur - Parallele Strukturen in der GPU},
  author={Sebastian Albers},
  url = "https://www.uni-muenster.de/AMM/num/Vorlesungen/CUDA-2009/sebastian_albers-grafikhardware.pdf",
  year={2009}
}

@article{cooper2011gpu,
  title={GPU Computing with CUDA},
  author={Christopher Cooper},
  url = "http://www.bu.edu/pasi/files/2011/07/Lecture8.pdf",
  year={2011}
}

@book{nvidia2012cuda,
  title={CUDA Toolkit 4.2 CUFFT Library},
  publisher={NVIDIA Corporation},
  url = "https://developer.download.nvidia.com/compute/DevZone/docs/html/CUDALibraries/doc/CUFFT_Library.pdf",
  year={2012}
}

@article{bekele2016cooley,
  title={Cooley-tukey fft algorithms},
  author={Bekele, Amente},
  journal={Advanced algorithms},
  year={2016}
}

@inproceedings{Palacios2011ACO,
  title={A Comparison of Modern GPU and CPU Architectures: And the Common Convergence of Both},
  author={Jonathan Palacios and Josh Triska},
  year={2011}
}

@article{emerencia2007multiplying,
  title={Multiplying huge integers using Fourier transforms},
  author={Emerencia, Ando},
  journal={Online slides. URL http://www. cs. rug. nl/\~{} ando/pdfs/Ando\_Emerencia\_ multiplying\_huge\_integers\_using\_fourier\_transforms\_presentation. pdf},
  year={2007}
}

  @misc{ wiki:xxx,
    author = "{Wikipedia contributors}",
    title = "Cooley–Tukey FFT algorithm --- {Wikipedia}{,} The Free Encyclopedia",
    year = "2020",
    url = "https://en.wikipedia.org/w/index.php?title=Cooley%E2%80%93Tukey_FFT_algorithm&oldid=959847323",
    note = "[Online; accessed 24-June-2020]"
  }
  
   @misc{ wiki:fft,
   author = "Wikipedia",
   title = "Schnelle Fourier-Transformation --- Wikipedia{,} Die freie Enzyklopädie",
   year = "2020",
   url = "https://de.wikipedia.org/w/index.php?title=Schnelle_Fourier-Transformation&oldid=200631077",
   note = "[Online; Stand 4. Juli 2020]"
 }